@article{Aggarwal11,
  author  = {Aggarwal, J.K. and Ryoo, M.S.},
  title   = {Human Activity Analysis: A Review},
  year    = {2011},
  volume  = {43},
  number  = {3},
  journal = {ACM Comput. Surv.}
}

@article{Beddiar20,
  title   = {Vision-based human activity recognition: a survey},
  author  = {Beddiar, Djamila Romaissa and Nini, Brahim and Sabokrou, Mohammad and Hadid, Abdenour},
  journal = {Multimedia Tools and Applications},
  volume  = {79},
  number  = {41-42},
  pages   = {30509--30555},
  year    = {2020}
}

@article{Bewley17,
  author  = {Alex Bewley and Zongyuan Ge and Lionel Ott and Fabio Ramos and Ben Upcroft},
  title   = {Simple Online and Realtime Tracking},
  journal = {arXiv},
  volume  = {1602},
  number  = {00763},
  pages   = {1--5},
  year    = {2017}
}

@article{Cao21,
  author  = {Zhe Cao and Gines Hidalgo and
             Tomas Simon and Shih-En Wei and Yaser Sheikh},
  title   = {OpenPose: Realtime Multi-Person 2D Pose Estimation Using Part Affinity Fields},
  journal = {IEEE Transactions on Pattern Analysis and Machine Intelligence},
  volume  = {43},
  number  = {1},
  pages   = {172--186},
  year    = {2021}
}

@inproceedings{Chakraborty12,
  author    = {Chakraborty, Bodhisattwa and Meher, Sukadev},
  title     = {A trajectory-based ball detection and tracking system with applications to shot-type identification in volleyball videos},
  booktitle = {International Conference on Signal Processing and Communications},
  pages     = {1--5},
  year      = {2012}
}

@inproceedings{Chaves12,
  title        = {Human body motion and gestures recognition based on checkpoints},
  author       = {Chaves, Thiago and Figueiredo, Lucas and Da Gama, Alana and de Araujo, Cristiano and Teichrieb, Veronica},
  booktitle    = {2012 14th Symposium on Virtual and Augmented Reality},
  pages        = {271--278},
  year         = {2012},
  organization = {IEEE}
}

@article{Chen18,
  author  = {Steven Chen and Richard R. Yang},
  title   = {Pose Trainer: Correcting Exercise Posture using Pose Estimation},
  journal = {arXiv},
  volume  = {2006},
  number  = {11718},
  pages   = {1--7},
  year    = {2018}
}

@inproceedings{Chen19,
  author    = {Kehan Chen},
  title     = {Sitting Posture Recognition Based on OpenPose},
  booktitle = {IOP Conference Series Materials Science and Engineering},
  pages     = {1--6},
  year      = {2019}
}

@inproceedings{Choros12,
  author    = {Choro{\'{s}}, Kazimierz},
  title     = {Detection of Tennis Court Lines for Sport Video Categorization},
  booktitle = {Computational Collective Intelligence. Technologies and Applications},
  year      = {2012},
  pages     = {304--314}
}

@misc{Coma20,
  author       = {Albert Mitjans Coma},
  howpublished = {University of Barcelona},
  title        = {Visual recognition of guitar chords using neural networks},
  year         = {2020}
}

@article{Dastidar17,
  author  = {Surajit Ghosh Dastidar},
  title   = {Restaurant Recommendation System},
  journal = {International Journal of Business Analytics and Intelligence},
  volume  = {5},
  number  = {2},
  pages   = {22--29},
  year    = {2017}
}

@article{Emad22,
  title   = {Note Frequency Recognition and Finger Motion Capture of a Guitarist: A Survey and Challenges Ahead},
  author  = {Emad, John and Sobeah, Hager and Serag, Ahmed and Yehia, Ahmed and Khaled, Karim and Mohamed, Karim and others},
  journal = {Journal of Computing and Communication},
  volume  = {1},
  number  = {2},
  pages   = {69--79},
  year    = {2022}
}

@inproceedings{Enkhbat20,
  author    = {Avirmed Enkhbat and Timothy K. Shih and Tipajin Thaipisutikul and Noorkholis Luthfil Hakim and Wisnu Aditya},
  title     = {HandKey: An Efficient Hand Typing Recognition using CNN for Virtual Keyboard},
  booktitle = {Proceedings of the 5th International Conference on Information Technology},
  pages     = {315--319},
  year      = {2020}
}

@inproceedings{Fotouhi15,
  author    = {Mehran Fotouhi and Afshin Bozorgpour and Shohreh Kasaei},
  title     = {Automatic soccer field line recognition by minimum information},
  booktitle = {International Symposium on Artificial Intelligence and Signal Processing},
  year      = {2015},
  pages     = {1--7}
}

@inproceedings{Gerke15,
  author    = {Sebastian Gerke and Karsten Muller and Ralf Schafer},
  title     = {Soccer Jersey Number Recognition Using Convolutional Neural Networks},
  booktitle = {IEEE International Conference on Computer Vision Workshop},
  pages     = {734--741},
  year      = {2015}
}

@article{Hernando18,
  author  = {David Hernando and Surya Roca and Jorge Sancho and Alvaro Alesanco and Raquel Bailon},
  title   = {Validation of the Apple Watch for Heart Rate Variability Measurements during Relax and Mental Stress in Healthy Subjects},
  journal = {Sensors},
  volume  = {18},
  number  = {8},
  pages   = {1--11},
  year    = {2018}
}

@inproceedings{Issa16,
  author    = {Hassan Issa and Amir Guirguis and Shary Beshara and Stefan Agne and Andreas Dengel},
  title     = {Preference based Filtering and Recommendations for Running Routes},
  booktitle = {Proceedings of the 12th International Conference on Web Information Systems and Technologies},
  pages     = {139--146},
  year      = {2016}
}

@inproceedings{Kashiwagi18,
  author    = {Yoshitaka Kashiwagi and Youji Ochi},
  title     = {A Study of Left Fingering Detection U sing CNN for Guitar Learning},
  booktitle = {International Conference on Intelligent Autonomous Systems},
  pages     = {14--17},
  year      = {2018}
}

@article{Kasprzak22,
  author  = {Włodzimierz Kasprzak and Bartłomiej Jankowski},
  title   = {Light-Weight Classification of Human Actions in Video with
             Skeleton-Based Features},
  journal = {Electronics},
  volume  = {11},
  number  = {2145},
  pages   = {1--20},
  year    = {2022}
}

@inproceedings{Li21,
  author    = {Yung-Che Li and Ching-Tang Chang and Chin-Chang Cheng},
  title     = {Baseball Swing Pose Estimation Using OpenPose},
  booktitle = {IEEE International Conference on Robotics, Automation and Artificial Intelligence},
  year      = {2021},
  pages     = {6--9}
}


@article{Liang20,
  author  = {Qiaokang Liang and Wanneng Wu and Yukun Yang and Ruiheng Zhang and Yu Peng and Min Xu},
  title   = {Multi-Player Tracking for Multi-View Sports Videos with Improved K-Shortest Path Algorithm},
  journal = {Applied Sciences},
  volume  = {10},
  number  = {864},
  pages   = {1--22},
  year    = {2020}
}

@inproceedings{Okumura18,
  author    = {Okumura, Tsukasa and Urabe, Shuichi and Inoue, Katsufumi and Yoshioka, Michifumi},
  title     = {Cooking Activities Recognition in Egocentric Videos Using Hand Shape Feature with Openpose},
  year      = {2018},
  booktitle = {Proceedings of the Joint Workshop on Multimedia for Cooking and Eating Activities and Multimedia Assisted Dietary Management},
  pages     = {42–45}
}


@inproceedings{Oliver06,
  author    = {Nuria Oliver and Fernando Flores-Mangas},
  title     = {MPTrain: A Mobile, Music and Physiology-Based Personal Trainer},
  booktitle = {Proceedings of the 8th conference on Human-computer interaction with mobile devices and services},
  pages     = {21--28},
  year      = {2006}
}

@inproceedings{Ooaku18,
  author    = {Takumi Ooaku and Tran Duy Linh and Masayuki Arai and Tsukasa Maekawa and Kozo Mizutani},
  title     = {Guitar Chord Recognition Based on Finger Patterns with Deep Learning},
  booktitle = {Proceedings of the 4th International Conference on Communication and Information Processing},
  pages     = {54--57},
  year      = {2018}
}

@inproceedings{Osawa22,
  author    = {Ryohei Osawa and Shohei Adachi and Hiroshi Watanabe},
  title     = {Motion Matching Based on Pose Similarity Using Movement of Body Parts},
  booktitle = {IEEE Global Conference on Consumer Electronics},
  pages     = {83--86},
  year      = {2022}
}


@article{Patania20,
  author  = {Vittoria Maria Patania and Johnny Padulo and Enzo Iuliano and Luca Paolo Ardig\`{o} and Dra\v{z}en \v{C}ular and Alen Mileti\'{c} and Andrea De Giorgio},
  title   = {The Psychophysiological Effects of Different Tempo Music on Endurance Versus High-Intensity Performances},
  journal = {Frontiers in Psychology},
  volume  = {11},
  number  = {74},
  pages   = {1--7},
  year    = {2020}
}

@inproceedings{Perez-Carrillo16,
  author    = {Perez-Carrillo, Alfonso
               and Arcos, Josep-Lluis
               and Wanderley, Marcelo},
  title     = {Estimation of Guitar Fingering and Plucking Controls Based on Multimodal Analysis of Motion, Audio and Musical Score},
  booktitle = {Music, Mind, and Embodiment},
  year      = {2016},
  pages     = {71--87}
}

@inproceedings{Priedhorsky12,
  author    = {Priedhorsky, Reid and Pitchford, David and Sen, Shilad and Terveen, Loren},
  title     = {Recommending Routes in the Context of Bicycling: Algorithms, Evaluation, and the Value of Personalization},
  year      = {2012},
  booktitle = {Proceedings of the ACM 2012 Conference on Computer Supported Cooperative Work},
  pages     = {979–988}
}


@inproceedings{Qazi15,
  author    = {Qazi, Tayeba and Mukherjee, Prerana and Srivastava, Siddharth and Lall, Brejesh and Chauhan, Nathi Ram},
  booktitle = {International Conference on Image Information Processing},
  title     = {Automated ball tracking in tennis videos},
  year      = {2015},
  pages     = {236-240}
}

@article{Rafique23,
  author  = {Sarmad Rafique and Saba Gul and Kaleemullah Jan and Gul Muhammad Khan},
  title   = {Optimized real-time parking management framework using deep learning},
  journal = {Expert Systems with Applications},
  volume  = {220},
  number  = {119686},
  pages   = {1--12},
  year    = {2023}
}

@inproceedings{Scarr10,
  author    = {Scarr, Joseph and Green, Richard},
  booktitle = {International Conference of Image and Vision Computing},
  title     = {Retrieval of guitarist fingering information using computer vision},
  year      = {2010},
  volume    = {},
  number    = {},
  pages     = {1-7}
}

@inproceedings{Schneider19,
  title        = {Gesture recognition in RGB videos using human body keypoints and dynamic time warping},
  author       = {Schneider, Pascal and Memmesheimer, Raphael and Kramer, Ivanna and Paulus, Dietrich},
  booktitle    = {RoboCup 2019: Robot World Cup XXIII 23},
  pages        = {281--293},
  year         = {2019},
  organization = {Springer}
}

@inproceedings{Shiraki20,
  author    = {Katsutoshi Shiraki and Tsubasa Hirakawa and Takayoshi Yamashita and Hironobu Fujiyoshi},
  booktitle = {International Conference on Computer Vision Theory and Applications},
  title     = {Acquisition of Optimal Connection Patterns for Skeleton-based Action Recognition with Graph Convolutional Networks},
  year      = {2020},
  volume    = {},
  number    = {},
  pages     = {1-8}
}

@article{Stein17,
  title     = {Bring it to the pitch: Combining video and movement data to enhance team sport analysis},
  author    = {Stein, Manuel and Janetzko, Halldor and Lamprecht, Andreas and Breitkreutz, Thorsten and Zimmermann, Philipp and Goldl{\"u}cke, Bastian and Schreck, Tobias and Andrienko, Gennady and Grossniklaus, Michael and Keim, Daniel A},
  journal   = {IEEE transactions on visualization and computer graphics},
  volume    = {24},
  number    = {1},
  pages     = {13--22},
  year      = {2017},
  publisher = {IEEE}
}

@article{Styns07,
  author  = {Frederik Styns and Leon van Noorden and Dirk Moelants and Marc Leman},
  title   = {Walking on music},
  journal = {Human Movement Science},
  volume  = {26},
  number  = {},
  pages   = {769--785},
  year    = {2007}
}

@inproceedings{Sun09,
  author    = {Sun, Li and Liu, Guizhong},
  booktitle = {IEEE International Conference on Acoustics, Speech and Signal Processing},
  title     = {Field lines and players detection and recognition in soccer video},
  year      = {2009},
  volume    = {},
  number    = {},
  pages     = {1237-1240}
}

@inproceedings{Swain23,
  author    = {Manasi Swain and A R Manyatha and Amulya S Dinesh and Gambhire Swati Sampatrao and Mihir Soni},
  title     = {Ingredients to Recipe: A YOLO-based Object Detector and Recommendation System via Clustering Approach},
  booktitle = {International Conference on Artificial Intelligence and Smart Energy},
  year      = {2023},
  pages     = {1397--1404}
}

@inproceedings{Tran16,
  title     = {CNN Transfer Learning for Visual Guitar Chord Classification},
  author    = {Tran, Leon and Zhang, Shawn and Zhou, Eric},
  booktitle = {30th Conference on Neural Information Processing Systems},
  pages     = {1--6},
  year      = {2016}
}

@article{Tsutsumi11,
  author  = {Hideo Tsutsumi},
  title   = {Conversation Analysis of Boke-tsukkomi Exchange in Japanese Comedy},
  journal = {New Voices},
  volume  = {5},
  number  = {},
  pages   = {147--173},
  year    = {2011}
}

@article{Uchimura12,
  author  = {Marina,Uchimura and Yuki,Eguchi and Minami,Kawasaki and Naoko,Yoshii and Tomohiro,Umeda and Masami,Takata and Kazuki,Joe},
  title   = {Real Time Spatiotemporal Biological Stress Level Checking},
  year    = {2012},
  journal = {IPSJ SIG Technical Report},
  volume  = {2012-MPS-89},
  number  = {12},
  pages   = {1--6},
  year    = {2012}
}

@mastersthesis{vanBalen09,
  author = {Joris van Balen},
  title  = {A Virtual Billiard Assistant},
  type   = {Masters Thesis},
  school = {University of Twente},
  year   = {2009}
}

@article{Yoon19,
  author  = {Yoon, Young and Hwang, Heesu and Choi, Yongjun and Joo, Minbeom and Oh, Hyeyoon and Park, Insun and Lee, Keon-Hee and Hwang, Jin-Ha},
  title   = {Analyzing Basketball Movements and Pass Relationships Using Realtime Object Tracking Techniques Based on Deep Learning},
  journal = {IEEE Access},
  volume  = {7},
  pages   = {56564--56576},
  year    = {2019}
}

@inproceedings{You22,
  author    = {Yu You and Tai-Qi Wang and Keisuke Osawa and Megumi Shimodozono and Eiichiro Tanaka},
  title     = {Kinect-based 3D Human Motion Acquisition and Evaluation System for Remote Rehabilitation and Exercise},
  booktitle = {IEEE/ASME International Conference on Advanced Intelligent Mechatronics},
  pages     = {1213--1218},
  year      = {2022}
}

@article{Zhang20,
  author  = {Ruiheng Zhang and Lingxiang Wu and Yukun Yang and Wanneng Wu and Yueqiang Chen  and Min Xu},
  title   = {Multi-camera multi-player tracking with deep player identification insports video},
  journal = {Pattern Recognition},
  volume  = {102},
  number  = {107260},
  pages   = {1--12},
  year    = {2020}
}

@inproceedings{石井07,
  author    = {石井 規弘 and 北原 格 and 亀田 能成 and 大田 友一},
  title     = {2視点からの映像を利用したサッカーボール追跡手法},
  booktitle = {画像の認識・理解シンポジウム},
  pages     = {1035--1040},
  year      = {2007}
}

@inproceedings{石井11,
  author    = {石井 和喜 and 曽我 真人 and瀧 寛和},
  title     = {モーションキャプチャシステムを利用した左右反転動作スキル習得支援環境の構築},
  booktitle = {情報処理学会インタラクション},
  pages     = {1--4},
  year      = {2011}
}

@article{井高16,
  title   = {コート上の直線を利用するバスケットボール競技撮影時のカメラ姿勢の計測},
  author  = {井高 悠斗 and 安田 航也 and 何 宜欣 and 大久保 寛 and 田川 憲男},
  journal = {映像情報メディア学会技術報告},
  volume  = {40},
  number  = {43},
  pages   = {13--16},
  year    = {2016}
}

@article{市川22,
  author  = {市川 淳 and 喜古 泰一 and 秋吉 政徳},
  title   = {Kinectを用いた仮想エージェントとの同期運動が身体活動の印象に与える影響},
  journal = {知能と情報},
  volume  = {34},
  number  = {3},
  pages   = {663--668},
  year    = {2022}
}

@article{稲尾16,
  title   = {モーションキャプチャを用いたスポーツフォーム練習のための特徴量・可視化手法の検討},
  author  = {稲尾 拓海 and 尾下 真樹 and 向井 智彦 and 栗山繁},
  journal = {情報処理学会研究報告},
  volume  = {2016-CG-165},
  number  = {21},
  pages   = {1--7},
  year    = {2016}
}

@inproceedings{稲葉19,
  author    = {稲葉 このみ and 遠峰 結衣 and 清野 諭 and 杉浦 裕太},
  title     = {タブレット端末内蔵カメラによる 踵上げ動作トレーニング支援 },
  booktitle = {エンタテイメントコンピューティングシンポジウム},
  pages     = {393--397},
  year      = {2019}
}

@article{王19,
  title   = {スマートフォンを用いた自重トレーニング時の姿勢支援システム},
  author  = {王 瑞贇 and 高橋 伸 and 志築 文太郎},
  journal = {情報処理学会研究報告},
  volume  = {2019-HCI-183},
  number  = {5},
  pages   = {1--6},
  year    = {2019}
}

@article{奥村13,
  title   = {消費カロリーを暗黙的に管理する散歩ナビゲーションシステムの提案},
  author  = {奥村 尚史 and 佐々木 渉 and 高間 康史},
  journal = {人工知能学会インタラクティブ情報アクセスと可視化マイニング研究会},
  volume  = {5},
  number  = {1},
  pages   = {1--6},
  year    = {2013}
}

@article{姜18,
  author  = {姜 文渊 and 山本 雄平 and 田中 成典 and 中村 健二 and 田中 ちひろ},
  title   = {単視点多眼によるアメリカンフットボールプレイヤー識別と位置推定に関する研究},
  journal = {写真測量とリモートセンシング},
  volume  = {57},
  number  = {5},
  pages   = {198--216},
  year    = {2018}
}

@inproceedings{木俣21,
  author    = {木俣 雄太 and 宮地 篤士 and 松井 智一 and 張 志華 and 藤本 まなと and 諏訪 博彦 and 安本 慶一},
  title     = {高齢者のフレイル予防に向けた生活改善フレームワークの提案},
  booktitle = {情報処理学会関西支部支部大会},
  pages     = {1--8},
  year      = {2021}
}

@inproceedings{黒田13,
  author    = {黒田 修平 and 放地 宏佳 and 吉見 真聡 and 吉永 努 and 入江 英嗣},
  title     = {相対座標を用いた運動指導システム},
  booktitle = {マルチメディア，分散，協調とモバイルシンポジウム},
  pages     = {1475--1482},
  year      = {2013}
}

@article{五味19,
  author  = {五味 怜央奈 and 相澤 秀和 and 下川原(佐藤) 英理 and 山口 亨},
  title   = {対話支援システムによる話題提示に向けた心拍変動の周波数解析},
  journal = {知能と情報},
  volume  = {31},
  number  = {5},
  pages   = {859--865},
  year    = {2019}
}

@inproceedings{小林16,
  author    = {小林 隼人 and 柳井 啓司},
  title     = {テレビ映像からの特定動作シーンの自動検出},
  booktitle = {データ工学と情報マネジメントに関するフォーラム},
  pages     = {1--8},
  year      = {2016}
}

@article{坂牛16,
  title   = {Webカメラを利用したギターの練習支援システムの検討},
  author  = {坂牛 和里 and 植村 あい子},
  journal = {情報処理学会研究報告},
  volume  = {2016-AVM-93},
  number  = {16},
  pages   = {1--5},
  year    = {2016}
}

@inproceedings{佐久間13,
  author    = {佐久間 大輝 and 神田 尚子 and 吉見 真聡and 吉永 努 and 入江 英嗣},
  title     = {座位状態での心拍測定を用いたリアルタイムなストレス緩和システム},
  booktitle = {マルチメディア，分散，協調とモバイルシンポジウム},
  pages     = {1188--1195},
  year      = {2013}
}

@article{佐藤21,
  title   = {姿勢推定モデルに基づくスポーツ動画の動作分類},
  author  = {佐藤 荘一朗 and 青野 雅樹},
  journal = {電子情報通信学会技術研究報告},
  volume  = {120},
  number  = {409},
  pages   = {41--46},
  year    = {2021}
}

@article{佐藤22,
  author  = {佐藤 礼華 and 吉岡 輝貴 and 李 牧イ and 高見 友幸
             },
  title   = {Python/MediaPipeによる高齢者ゲームの開発},
  journal = {国際ICT利用研究学会論文誌},
  volume  = {5},
  number  = {1},
  pages   = {42--46},
  year    = {2022}
}

@article{周20,
  title   = {人体ポーズ分析を応用したシンクロダンス練習支援システム},
  author  = {周 中一 and 矢谷 浩司},
  journal = {情報処理学会研究報告},
  volume  = {2020-HCI-190},
  number  = {7},
  pages   = {1--8},
  year    = {2020}
}

@article{杉山18,
  author  = {杉山 卓也 and 大野 裕矢},
  title   = {ランニング中のテンポ別音楽聴取の影響に関する研究},
  journal = {静岡大学教育学部研究報告人文・社会・自然科学篇},
  volume  = {69},
  pages   = {123--131},
  year    = {2018}
}

@inproceedings{高崎19,
  author    = {高崎 智香子 and 竹房 あつ子 and 中田 秀基 and 小口 正人},
  title     = {姿勢推定ライブラリOpen Poseを用いた機械学習による動作識別手法の検討},
  booktitle = {データ工学と情報マネジメントに関するフォーラム},
  pages     = {1--7},
  year      = {2019}
}

@article{高松21,
  author  = {高松 大樹 and 永廣 悠介 and 中村 卓矢},
  title   = {AI技術を活用したPA満空判定モデルのインハウス検討},
  journal = {阪神高速道路株式会社技報},
  volume  = {30},
  number  = {},
  pages   = {127--134},
  year    = {2021}
}


@article{竹越16,
  author  = {竹越 智也 and 萩原 将文},
  title   = {ロボット漫才自動生成システム--動作が漫才に与える影響の考察--},
  journal = {日本感性工学会論文誌},
  volume  = {15},
  number  = {1},
  pages   = {47--54},
  year    = {2016}
}

@article{田中21,
  title   = {バドミントン映像処理におけるフットワーク移動軌跡を用いた打点位置とショット方向の検出手法},
  author  = {田中 直樹 and 宍戸 英彦 and 吹田 真士 and 亀田 能成 and 北原 格},
  journal = {電子情報通信学会技術研究報告},
  volume  = {121},
  number  = {221},
  pages   = {7--12},
  year    = {2021}
}

@inproceedings{田良島19,
  author    = {田良島 周平},
  title     = {パラメータ推定とピクセルラベリングの同時学習に基づく競技コート認識},
  booktitle = {情報科学技術フォーラム},
  pages     = {1--6},
  year      = {2019}
}

@article{趙13,
  author  = {趙 曼 and 阪田 真己子 and 鈴木 紀子},
  title   = {日中芸能身体文化の比較-漫才と相声のマルチモーダル分析-},
  journal = {じんもんこん2013論文集},
  year    = {2013},
  month   = {12},
  volume  = {2013},
  number  = {4},
  pages   = {13-20}
}

@article{土屋19,
  title   = {深層学習を用いたセンサグローブによる指文字認識の改良},
  author  = {土屋 智彦 and 白石 優旗},
  journal = {情報処理学会研究報告},
  volume  = {2019-AAC-9},
  number  = {35},
  pages   = {1--8},
  year    = {2019}
}

@article{土肥15,
  title   = {仮想的演技空間の創出方略の分析～同一ネタの漫才とコントの違いを通じて～},
  author  = {土肥 健太 and 寺岡 丈博 and 榎本 美香},
  journal = {人工知能学会研究会資料},
  volume  = {SIG-SLUD-B403-07},
  number  = {},
  pages   = {41--46},
  year    = {2015}
}

@inproceedings{中井18,
  author    = {中井 眞人 and 角田 善彦 and 孫 財東 and 村越 英樹 and 林 久志 and 綱代 剛},
  title     = {OpenPoseによるバスケットボールの投入予測},
  booktitle = {人工知能学会全国大会論文集},
  number    = {3Pin1-39},
  pages     = {1--4},
  year      = {2018}
}

@article{鳴海19,
  title   = {手話認識のためのOpenPoseを用いた手の領域分割},
  author  = {鳴海 克弥 and 朝倉 健太 and 坂本 一樹 and 小澤 辰典 and 田中 博 and 川喜田 佑介},
  journal = {情報処理学会研究報告},
  volume  = {2019-UBI-61},
  number  = {29},
  pages   = {1--4},
  year    = {2019}
}

@inproceedings{原10,
  author    = {原 隆幸 and 串田 淳一 and 亀井 且有},
  title     = {Emotional Fitnessのための音楽聴取による運動強度制御},
  booktitle = {Fuzzy System Symposium},
  pages     = {199--204},
  year      = {2010}
}

@article{前田17,
  title   = {自覚的運動負荷を考慮したスマートウォーキングナビの提案},
  author  = {前田 幸道 and 中岡 佑輔 and 河合 由起子 and 中島 伸介 and Panote Siriaraya},
  journal = {情報処理学会研究報告},
  volume  = {2017-IFAT-128},
  number  = {7},
  pages   = {1--6},
  year    = {2017}
}

@article{丸山12,
  title   = {食材画像認識を用いたレシピ推薦システム},
  author  = {丸山 拓馬 and 秋山 瑞樹 and 柳井 啓司},
  journal = {電子情報通信学会技術研究報告},
  volume  = {111},
  number  = {479},
  pages   = {43--48},
  year    = {2012}
}

@article{宮本09,
  title   = {Lockingダンスにおける質評価指標の定量化},
  author  = {宮本 圭太 and 阪田 真己子},
  journal = {情報処理学会研究報告},
  volume  = {2009-CH-82},
  number  = {4},
  pages   = {1--8},
  year    = {2009}
}

@article{元川08,
  title   = {ギター演奏支援のための構造特徴追跡を利用したマーカレスAR表示},
  author  = {元川 洋一 and 斎藤 英雄},
  journal = {情報処理学会研究報告},
  volume  = {2008-CVIM-161},
  number  = {2},
  pages   = {9--14},
  year    = {2008}
}

@article{土方04,
  title   = {決定木を用いた内容に基づく音楽情報フィルタリングとその有効性の検証},
  author  = {土方 嘉徳 and 岩濱 数宏 and 西田 正吾},
  journal = {情報処理学会研究報告},
  volume  = {2004-DBS-133},
  number  = {3},
  pages   = {17--24},
  year    = {2004}
}

@article{廣瀬14,
  author  = {廣瀬 義人},
  title   = {漫才のネタ分類と類型化の試み -構成要素を用いたクラスター分析から-},
  journal = {語文},
  volume  = {149},
  pages   = {130--115},
  year    = {2014}
}

@article{古市21,
  author  = {古市 冴佳 and 阿部 和樹 and 斎藤 光 and 中村 聡史},
  title   = {ヒップホップダンスにおける骨格情報のみによる個人識別の検討},
  journal = {情報処理学会論文誌},
  volume  = {62},
  number  = {11},
  pages   = {1792--1805},
  year    = {2021}
}

@article{村尾11,
  author  = {村尾 和哉 and 寺田 努},
  title   = {加速度センサの定常性判定による動作認識手法},
  journal = {情報処理学会論文誌},
  volume  = {52},
  number  = {6},
  pages   = {1968--1979},
  year    = {2011}
}

@inproceedings{矢野07,
  author    = {矢野 一樹 and 滝口 哲也 and 有木 康雄},
  title     = {探索手法の切り替えを用いたサッカー映像におけるボール追跡システム},
  booktitle = {画像の認識・理解シンポジウム},
  pages     = {1052--1056},
  year      = {2007}
}


@article{吉川20,
  title   = {バドミントン競技映像における骨格位置を用いたショット検出},
  author  = {吉川 優衣 and 宍戸 英彦 and 吹田 真士 and 亀田 能成 and 北原 格},
  journal = {電子情報通信学会技術研究報告},
  volume  = {120},
  number  = {190},
  pages   = {1--6},
  year    = {2020}
}

@article{綿谷19,
  title   = {カメラ画像を用いた体幹トレーニングの姿勢支援手法の提案},
  author  = {綿谷 惇史 and 謝 浩然 and 宮田 一乗},
  journal = {情報処理学会研究報告},
  volume  = {2019-CVIM-216},
  number  = {14},
  pages   = {1--8},
  year    = {2019}
}

@article{渡會13,
  title   = {単眼カメラを用いた局所領域内の指先位置検出によるバーチャルキーボード},
  author  = {渡會 穂高 and 星野 聖},
  journal = {映像情報メディア学会技術報告},
  volume  = {37},
  number  = {12},
  pages   = {1--14},
  year    = {2013}
}