@article{c,
  author  = {土方嘉徳 and 岩濱数宏 and 西田正吾},
  title   = {決定木を用いた内容に基づく音楽情報フィルタリングとその有効性の検証},
  journal = {電子情報通信学会論文誌},
  volume  = {J88-D-1},
  number  = {3}, 
  pages   = {642-656},
  year    = {2005}
}