% Last updated: 2023/02/19 22:09:49
@article{a,
  author  = {Surajit Ghosh Dastidar},
  title   = {Restaurant Recommendation System},
  journal = {International Journal of Business Analytics and Intelligence},
  volume  = {5},
  number  = {2}, 
  pages   = {22-29},
  year    = {2017}
}

@article{b,
  author  = {児玉 礼 and 北山大輔},
  title   = {ユーザーの取捨選択行動に基づく嗜好情報による飲食店推薦システム},
  journal = {第8回データ工学と情報マネジメントに関するフォーラム, F2-2},
  year    = {2016}
}

@article{c,
  author  = {土方嘉徳 and 岩濱数宏 and 西田正吾},
  title   = {決定木を用いた内容に基づく音楽情報フィルタリングとその有効性の検証},
  journal = {電子情報通信学会論文誌},
  volume  = {J88-D-1},
  number  = {3}, 
  pages   = {642-656},
  year    = {2005}
}

@article{d,
  author  = {神嶌敏弘},
  title   = {推薦システムのアルゴリズム（1）},
  journal = {人工知能学会, 22巻6号},
  pages   = {826-837},
  year    = {2007}
}

@book{e,
  author    = {Aurélien Géron},
  title     = {scikit-learn, Keras, TensorFlowによる実践機械学習},
  year      = {2020},
  publisher = {オライリー・ジャパン}
}

@misc{f,
  author       = {北村研究室},
  title        = {スポーツ情報学},
  howpublished = {\url{https://cs.kwansei.ac.jp/~kitamura/projects.html}},
  note         = {2022年12月29日アクセス}
}

